@article{dean2012large,
  title={Large scale distributed deep networks},
  author={Dean, Jeffrey and Corrado, Greg S and Monga, Rajat and Chen, Kai and Devin, Matthieu and Le, Quoc V and Mao, Mark Z and Ranzato, Marcâ€™Aurelio and Senior, Andrew and Tucker, Paul and others},
  year={2012}
}

@article{chen2016revisiting,
  title={Revisiting distributed synchronous SGD},
  author={Chen, Jianmin and Pan, Xinghao and Monga, Rajat and Bengio, Samy and Jozefowicz, Rafal},
  journal={arXiv preprint arXiv:1604.00981},
  year={2016}
}

@inproceedings{espeholt2018impala,
  title={Impala: Scalable distributed deep-rl with importance weighted actor-learner architectures},
  author={Espeholt, Lasse and Soyer, Hubert and Munos, Remi and Simonyan, Karen and Mnih, Vlad and Ward, Tom and Doron, Yotam and Firoiu, Vlad and Harley, Tim and Dunning, Iain and others},
  booktitle={International Conference on Machine Learning},
  pages={1407--1416},
  year={2018},
  organization={PMLR}
}

@article{horgan2018distributed,
  title={Distributed prioritized experience replay},
  author={Horgan, Dan and Quan, John and Budden, David and Barth-Maron, Gabriel and Hessel, Matteo and Van Hasselt, Hado and Silver, David},
  journal={arXiv preprint arXiv:1803.00933},
  year={2018}
}

@article{ong2015distributed,
  title={Distributed deep Q-learning},
  author={Ong, Hao Yi and Chavez, Kevin and Hong, Augustus},
  journal={arXiv preprint arXiv:1508.04186},
  year={2015}
}

@article{nair2015massively,
  title={Massively parallel methods for deep reinforcement learning},
  author={Nair, Arun and Srinivasan, Praveen and Blackwell, Sam and Alcicek, Cagdas and Fearon, Rory and De Maria, Alessandro and Panneershelvam, Vedavyas and Suleyman, Mustafa and Beattie, Charles and Petersen, Stig and others},
  journal={arXiv preprint arXiv:1507.04296},
  year={2015}
}